<?xml version="1.0" encoding="UTF-8"?><record xmlns="http://www.loc.gov/MARC21/slim" xmlns:cinclude="http://apache.org/cocoon/include/1.0" xmlns:zs="http://www.loc.gov/zing/srw/">
  <leader>00533cz  a2200145n  4500</leader>
  <controlfield tag="001">n  82155547 </controlfield>
  <controlfield tag="003">DLC</controlfield>
  <controlfield tag="005">19871014092125.4</controlfield>
  <controlfield tag="008">821122n| acannaab|          |a aaa |||  </controlfield>
  <datafield tag="010" ind1=" " ind2=" ">
    <subfield code="a">n  82155547 </subfield>
  </datafield>
  <datafield tag="040" ind1=" " ind2=" ">
    <subfield code="a">DLC</subfield>
    <subfield code="c">DLC</subfield>
    <subfield code="d">DLC</subfield>
  </datafield>
  <datafield tag="100" ind1="1" ind2="0">
    <subfield code="a">Filippov, V. I.</subfield>
    <subfield code="q">(Viktor Ivanovich)</subfield>
  </datafield>
  <datafield tag="400" ind1="1" ind2="0">
    <subfield code="a">Filippov, Viktor Ivanovich</subfield>
  </datafield>
  <datafield tag="670" ind1=" " ind2=" ">
    <subfield code="a">His Rukovodstvo po SUBD KOMPAS, 1981:</subfield>
    <subfield code="b">t.p. (V. I. Filippov) colophon (Filippov Viktor Ivanovich)</subfield>
  </datafield>
  <datafield tag="670" ind1=" " ind2=" ">
    <subfield code="a">Obrabotka simvolʹnoĭ informat︠s︡ii, 1986:</subfield>
    <subfield code="b">t.p. verso (kand. fiz.-matem. nauk V.I. Filippov)</subfield>
  </datafield>
</record>